@article{jewishquarters,
	author = { Benjamin Ravid },
	title = {All Ghettos were Jewish Quarters but not all Jewish Quarters were Ghettos},
	journal = {Jewish Culture and History},
	volume = {10},
	number = {2-3},
	pages = {5-24},
	year  = {2008},
	publisher = {Routledge},
	doi = {10.1080/1462169X.2008.10512096},

	URL = { 
			https://doi.org/10.1080/1462169X.2008.10512096
		
	},
	eprint = { 
			https://doi.org/10.1080/1462169X.2008.10512096
		
	}
}
