@article{jewishquarters,
	author = { Benjamin Ravid },
	title = {All Ghettos were Jewish Quarters but not all Jewish Quarters were Ghettos},
	journal = {Jewish Culture and History},
	volume = {10},
	number = {2-3},
	pages = {5-24},
	year  = {2008},
	publisher = {Routledge},
	doi = {10.1080/1462169X.2008.10512096},

	URL = { 
			https://doi.org/10.1080/1462169X.2008.10512096
		
	},
	eprint = { 
			https://doi.org/10.1080/1462169X.2008.10512096
		
	}
}

@misc{lmsfilter,
  author         = {Derek Rowell},
  title         = {Lecture Notes on Adaptive Filtering: 2.161 Lecture 25},
  year          = {2008},
  publisher={Massachusetts Institute of Technology},
  url = {https://ocw.mit.edu/courses/mechanical-engineering/2-161-signal-processing-continuous-and-discrete-fall-2008/lecture-notes/lecture_25.pdf}
}

@Manual{mic_datasheet,
  title        = {I2S Output Digital Microphone},
  year         = {2015},
  number       = {PH0645LM4H-B},
  note         = {Rev. B},
  organization = {Knowles},
  url          = {https://cdn-shop.adafruit.com/product-files/3421/i2S+Datasheet.PDF},
}

@online{airplane,
        title = {Airplane Cabin Ambience White Noise Sound for Relaxing #198},
        date = {2019},
        organization = {Youtube},
        author = {Winter Whale},
        url = {https://www.youtube.com/watch?v=kbsmLxSEJv4&ab_channel=WinterWhaleASMR},
    }